@article{YigitMedvedev_19,
  title = {Obscure Waves in Planetary Atmospheres},
  author = {YiÄŸit, Erdal and Medvedev, Alexander S.},
  date = {2019-06-01},
  journaltitle = {Physics Today},
  shortjournal = {Physics Today},
  volume = {72},
  number = {6},
  pages = {40--46},
  issn = {0031-9228},
  doi = {10.1063/PT.3.4226}
}

@article{EiffBonneton_00,
  title = {Lee-Wave Breaking over Obstacles in Stratified Flow},
  author = {Eiff, Olivier S. and Bonneton, Philippe},
  date = {2000-05-01},
  journaltitle = {Physics of Fluids},
  shortjournal = {Physics of Fluids},
  volume = {12},
  number = {5},
  pages = {1073--1086},
  issn = {1070-6631},
  doi = {10.1063/1.870362}
}

@article{BakerMashayek_21,
  title = {Surface Reflection of Bottom Generated Oceanic Lee Waves},
  author = {Baker, L. E. and Mashayek, A.},
  date = {2021-10},
  journaltitle = {Journal of Fluid Mechanics},
  volume = {924},
  pages = {A17},
  publisher = {{Cambridge University Press}},
  issn = {0022-1120, 1469-7645},
  doi = {10.1017/jfm.2021.627},
  langid = {english}
}

@article{KimPeskin_16,
  title = {A Penalty Immersed Boundary Method for a Rigid Body in Fluid},
  author = {Kim, Yongsam and Peskin, Charles S.},
  date = {2016-03},
  journaltitle = {Physics of Fluids},
  volume = {28},
  number = {3},
  pages = {033603},
  publisher = {{American Institute of Physics}},
  issn = {1070-6631},
  doi = {10.1063/1.4944565}
}

@article{AdcroftEtAl_97,
  title = {Representation of {{Topography}} by {{Shaved Cells}} in a {{Height Coordinate Ocean Model}}},
  author = {Adcroft, Alistair and Hill, Chris and Marshall, John},
  date = {1997-09-01},
  journaltitle = {Monthly Weather Review},
  volume = {125},
  number = {9},
  pages = {2293--2315},
  publisher = {{American Meteorological Society}},
  issn = {1520-0493, 0027-0644},
  doi = {10.1175/1520-0493(1997)125<2293:ROTBSC>2.0.CO;2},
  langid = {english}
}

@article{SpiegelmanKatz_06,
  title = {A Semi-{{Lagrangian Crank-Nicolson}} Algorithm for the Numerical Solution of Advection-Diffusion Problems},
  author = {Spiegelman, Marc and Katz, Richard F.},
  date = {2006},
  journaltitle = {Geochemistry, Geophysics, Geosystems},
  volume = {7},
  number = {4},
  issn = {1525-2027},
  doi = {10.1029/2005GC001073},
  langid = {english}
}
